[gd_scene load_steps=4 format=2]

[ext_resource path="res://example/example.gd" type="Script" id=1]
[ext_resource path="res://Scenes/Characters/Player/Player.tscn" type="PackedScene" id=2]
[ext_resource path="res://Resources/basic_tileset.tres" type="TileSet" id=3]



[node name="Level" type="MarginContainer"]
anchor_right = 1.0
anchor_bottom = 1.0
size_flags_stretch_ratio = 0.0
custom_constants/margin_right = 20
custom_constants/margin_top = 20
custom_constants/margin_left = 20
custom_constants/margin_bottom = 20
script = ExtResource( 1 )
__meta__ = {
"_edit_use_anchors_": false
}

[node name="line" type="VBoxContainer" parent="."]
margin_left = 20.0
margin_top = 20.0
margin_right = 1004.0
margin_bottom = 580.0
__meta__ = {
"_edit_use_anchors_": false
}

[node name="speaker" type="Label" parent="line"]
margin_right = 984.0
margin_bottom = 14.0
__meta__ = {
"_edit_use_anchors_": false
}

[node name="text" type="Label" parent="line"]
margin_top = 18.0
margin_right = 984.0
margin_bottom = 66.0
text = "Click to start

"
autowrap = true

[node name="options" type="VBoxContainer" parent="."]
visible = false
margin_left = 20.0
margin_top = 20.0
margin_right = 1004.0
margin_bottom = 580.0
__meta__ = {
"_edit_use_anchors_": false
}

[node name="speaker" type="Label" parent="options"]
margin_left = -15.0
margin_top = -15.0
margin_right = 65.0
margin_bottom = -1.0
__meta__ = {
"_edit_use_anchors_": false
}

[node name="name" type="Label" parent="options"]
margin_right = 50.0
margin_bottom = 14.0
text = "Speaker"
autowrap = true
__meta__ = {
"_edit_use_anchors_": false
}

[node name="items" type="VBoxContainer" parent="options"]
margin_top = 18.0
margin_right = 50.0
margin_bottom = 18.0

[node name="dialogue_ended" type="VBoxContainer" parent="."]
visible = false
margin_left = 20.0
margin_top = 20.0
margin_right = 1004.0
margin_bottom = 580.0

[node name="Label" type="Label" parent="dialogue_ended"]
margin_right = 984.0
margin_bottom = 31.0
text = "Dialogue ended
"

[node name="restart" type="Button" parent="dialogue_ended"]
margin_top = 35.0
margin_right = 984.0
margin_bottom = 55.0
text = "Restart"

[node name="Player" parent="." instance=ExtResource( 2 )]
position = Vector2( 291.228, 169.382 )

[node name="TileMap" type="TileMap" parent="."]
tile_set = ExtResource( 3 )
format = 1
tile_data = PoolIntArray( 327679, 0, 0, 262144, 0, 0, 262145, 0, 0, 262146, 0, 0, 262147, 0, 0, 262148, 0, 0, 262149, 0, 0, 262150, 0, 0, 262151, 0, 0, 262152, 0, 0, 262153, 0, 0, 262154, 0, 0, 262155, 0, 0, 262156, 0, 0, 262157, 0, 0, 262158, 0, 0 )
[connection signal="pressed" from="dialogue_ended/restart" to="." method="_on_restart_pressed"]
